<collection xmlns="http://www.loc.gov/MARC21/slim">
<record>
  <leader>01916nam0a22003371i 450 </leader>
  <controlfield tag="001">IT\ICCU\CNCE\023325</controlfield>
  <controlfield tag="005">20100414000000.0</controlfield>
  <datafield tag="012" ind1=" " ind2=" ">
    <subfield code="a">e.mo r-a- t.em NaAp (C) 1537 (R)</subfield>
    <subfield code="2">fei</subfield>
  </datafield>
  <datafield tag="100" ind1=" " ind2=" ">
    <subfield code="a">19970702d1537        0itac0103    ba</subfield>
  </datafield>
  <datafield tag="101" ind1=" " ind2=" ">
    <subfield code="a">LAT</subfield>
  </datafield>
  <datafield tag="102" ind1=" " ind2=" ">
    <subfield code="a">IT</subfield>
  </datafield>
  <datafield tag="200" ind1="1" ind2=" ">
    <subfield code="a">Elucidarius poeticus continens historias, poeticas fabulas, insulas ... atque huiusmodi alia, omnibus adolescentibus in poesi versantibus oppidoque necessarius collectore Hermanno Torrentino. Addita sunt synonyma ... per Ioannem Rauisium ... selecta</subfield>
  </datafield>
  <datafield tag="210" ind1=" " ind2=" ">
    <subfield code="e">Venetiis</subfield>
    <subfield code="g">in vico sancti Moysi apud signum Archangeli Raphaelis</subfield>
    <subfield code="h">in aedibus Francisci Bindoni ac Maphei Pasini accuratissime impressum</subfield>
    <subfield code="h">1537 mense Ianuarii</subfield>
  </datafield>
  <datafield tag="215" ind1=" " ind2=" ">
    <subfield code="a">\100! c.</subfield>
    <subfield code="d">8ʻ</subfield>
  </datafield>
  <datafield tag="620" ind1=" " ind2=" ">
    <subfield code="a">IT</subfield>
    <subfield code="d">Venezia</subfield>
  </datafield>
  <datafield tag="700" ind1=" " ind2="1">
    <subfield code="a">Torrentinus,</subfield>
    <subfield code="b">Hermannus</subfield>
    <subfield code="3">IT\ICCU\CNCA\006664</subfield>
  </datafield>
  <datafield tag="702" ind1=" " ind2="1">
    <subfield code="a">Tixier,</subfield>
    <subfield code="b">Jean</subfield>
    <subfield code="3">IT\ICCU\CNCA\006995</subfield>
  </datafield>
  <datafield tag="712" ind1="0" ind2="0">
    <subfield code="a">Bindoni, Francesco &lt;1.&gt; &amp; Pasini, Maffeo</subfield>
    <subfield code="3">IT\ICCU\CNCT\000060</subfield>
    <subfield code="4">650</subfield>
  </datafield>
  <datafield tag="790" ind1=" " ind2="1">
    <subfield code="a">Beeck,</subfield>
    <subfield code="b">Hermann : van der</subfield>
    <subfield code="3">IT\ICCU\CNCA\007764</subfield>
    <subfield code="z">Torrentinus, Hermannus</subfield>
  </datafield>
  <datafield tag="790" ind1=" " ind2="1">
    <subfield code="a">Torrentius,</subfield>
    <subfield code="b">Hermannus</subfield>
    <subfield code="3">IT\ICCU\CNCA\025498</subfield>
    <subfield code="z">Torrentinus, Hermannus</subfield>
  </datafield>
  <datafield tag="790" ind1=" " ind2="1">
    <subfield code="a">Torrentius van Beek,</subfield>
    <subfield code="b">Hermann</subfield>
    <subfield code="3">IT\ICCU\CNCA\025499</subfield>
    <subfield code="z">Torrentinus, Hermannus</subfield>
  </datafield>
  <datafield tag="790" ind1=" " ind2="1">
    <subfield code="a">Torentino,</subfield>
    <subfield code="b">Hermano</subfield>
    <subfield code="3">IT\ICCU\CNCA\025500</subfield>
    <subfield code="z">Torrentinus, Hermannus</subfield>
  </datafield>
  <datafield tag="790" ind1=" " ind2="1">
    <subfield code="a">Ravisius Textor,</subfield>
    <subfield code="b">Ioannes</subfield>
    <subfield code="3">IT\ICCU\CNCA\013593</subfield>
    <subfield code="z">Tixier, Jean</subfield>
  </datafield>
  <datafield tag="790" ind1=" " ind2="1">
    <subfield code="a">Textor,</subfield>
    <subfield code="b">Jean Ravisius</subfield>
    <subfield code="3">IT\ICCU\CNCA\017073</subfield>
    <subfield code="z">Tixier, Jean</subfield>
  </datafield>
  <datafield tag="790" ind1=" " ind2="1">
    <subfield code="a">Tixier de Ravisi,</subfield>
    <subfield code="b">Jean</subfield>
    <subfield code="3">IT\ICCU\CNCA\023980</subfield>
    <subfield code="z">Tixier, Jean</subfield>
  </datafield>
  <datafield tag="790" ind1=" " ind2="1">
    <subfield code="a">Ravisius,</subfield>
    <subfield code="b">Joannes</subfield>
    <subfield code="3">IT\ICCU\CNCA\023981</subfield>
    <subfield code="z">Tixier, Jean</subfield>
  </datafield>
  <datafield tag="791" ind1="0" ind2="2">
    <subfield code="a">℗al segno dell&apos;℗Angelo Raffaele</subfield>
    <subfield code="c"> &lt;1531-1546&gt;</subfield>
    <subfield code="3">IT\ICCU\CNCT\002984</subfield>
    <subfield code="z">Bindoni, Francesco &lt;1.&gt; &amp; Pasini, Maffeo</subfield>
  </datafield>
  <datafield tag="801" ind1=" " ind2="3">
    <subfield code="a">IT</subfield>
    <subfield code="b">ICCU</subfield>
    <subfield code="c">20201114</subfield>
  </datafield>
  <datafield tag="899" ind1=" " ind2=" ">
    <subfield code="a">Biblioteca comunale. Fabriano</subfield>
    <subfield code="1">AN0033</subfield>
    <subfield code="2">URB BF</subfield>
  </datafield>
  <datafield tag="899" ind1=" " ind2=" ">
    <subfield code="a">Biblioteca comunale Planettiana. Jesi</subfield>
    <subfield code="1">AN0092</subfield>
    <subfield code="2">URB BC</subfield>
  </datafield>
  <datafield tag="899" ind1=" " ind2=" ">
    <subfield code="a">Biblioteca comunale. Assisi</subfield>
    <subfield code="1">PG0001</subfield>
    <subfield code="2">UM1 10</subfield>
  </datafield>
</record>
</collection>
